%====================================================================================================
% Controle PID
%====================================================================================================
% Plano de Trabalho
%----------------------------------------------------------------------------------------------------
% Autor			: Kelvim Rodrigues de Oliveira	
% Orientador		: Gedson Faria
% Instituição 		: UFMS - Universidade Federal do Mato Grosso do Sul
% Unidade		: CPCX - Campus de Coxim
%----------------------------------------------------------------------------------------------------
% Arquivo		: plano_trab_kelvim.tex
% Data de criação	: 13 de Maio de 2017
%====================================================================================================
\usepackage{cite}



@article{TCCFlavioCouto,
abstract = {<p>O projeto consiste em uma planta didática que realiza o controle da velocidade de um motor DC através do algoritmo PID Digital. Esta planta de testes é utilizada para auxiliar o professor na demonstração e aplicação dos conceitos de controle digital dentro da disciplina que aborde este assunto. Com o processamento realizado por um microcontrolador, o firmware realiza o cálculo do valor necessário para o funcionamento do motor conforme as variáveis de entrada (proporcional, integral, diferencial e velocidade do motor, tempo de atualização) são inseridas pelo usuário do sistema no PC. Além do algoritmo que faz o ajuste do erro entre a velocidade desejada pelo usuário e a velocidade do motor em cada atualização, este projeto utiliza o controle PWM para realizar a ligação do motor conforme o resultado do controle PID. A cada ciclo de tempo de amostragem o sistema devolve para o micro computador a velocidade em que o motor se encontra, e com esse valor é construído graficamente a curva de variação de velocidade durante o funcionamento do motor.</p>},
publisher = {UNIVERSIDADE POSITIVO NÚCLEO DE CIÊNCIAS EXATAS E TECNOLÓGICAS ENGENHARIA DA COMPUTAÇÃO},
year = {2008},
title = {PLANTA DIDÁTICA – CONTROLE PID DIGITAL PARA MOTOR DC},
language = {por},
author = {Flávio Couto da Silva},
keywords = {Controlador PID, planta didática, microcontrolador, PWM, motor DC},
month = {Dezembro},
url ={http://www.up.edu.br/blogs/engenharia-da-computacao/wp-content/uploads/sites/6/2015/06/2008.14.pdf},
}

@article{dainteractive,
  title={An Interactive System for Automata Manipulations},
  author={da Silva Alves, Jos{\'e} Daniel},
}

@book{arduinoemacao,
	author    = "Martin Evans and Joshua Noble and Jordan Hochenbaum",
	title     = "Arduino em ação",
	publisher = "Novatec",
	isbn   	  = "978-85-7522-373-4",
	translator   = "Camila Paduan",
	year      = "2013"
}

@book{simonmonk,
	author    = "Simon Monk",
	title     = "Programação com Arduino {II}: Passos avançados com sketches",
	publisher = "Bookman",
	address = "Porto Alegre",
	isbn   	  = "978-85-8260-297-3",
	translator   = "Anatólio Laschuk",
	year      = "2015"
}

@article{braga2009funcionam,
	title={Como funcionam os encoders},
	author={Braga, Newton C},
	journal={Mecatr{\^o}nica F{\'a}cil},
	volume={5},
	number={50},
	year={2009}
}

@thesis{lourivaljr,
	author = {Lourival de Oliveira Lunguinho Junior and
	Roberto dos Santos Vitalino},
	title = {Desenvolvimento de Estratégias para um Time de Futebol de Robôs},
	type = {Monografia de graduação},
	school = {CPCX--UFMS},
	address = "Coxim--MS",
	year = {2011}
}


@thesis{sane,
	author = "Jasane Schio",
	title="Desenvolvimento de um Sistema de Calibração de Cores com Reconhecimento de Objetos para a Equipe de Futebol De Robôs Cedro Categoria IEEE Very Small Size",
	type = {Monografia de graduação},
	school = {CPCX--UFMS},
	address = "Coxim--MS",
	year="2015"
}

@internet{controlepid,
	author = "CitiSystems",
	year = "2017",	
	url	= "https://www.citisystems.com.br/controle-pid/",
	urlaccessdate = "20 dez. 2017"
}

@internet{gammon,
	author = "Nick Gammon",
	year = "2012",
	url	= "https://gammon.com.au/interrupts",
	urlaccessdate = "20 dez. 2017"
}

@internet{sitearduinoide,
	author = "Massimo Banzi and David Cuartielles and Tom Igoe and Gianluca Martino and David Mellis ",
	urlaccessdate = "20 dez. 2017",
	url="https://www.arduino.cc/en/main/software"
}

@internet{siteclion,
	author = "JetBrains",
	urlaccessdate = "20 dez. 2017",	
	url = "https://www.jetbrains.com/clion/"
}

@internet{platiformio,
	author = "PlatformIO Community",
	urlaccessdate = "20 dez. 2017",	
	url= "http://platformio.org/"
}