====================================================================================================
Vaucangraph 3.0:  Aprimorando uma ferramenta gráfica.
====================================================================================================
Plano de Trabalho
----------------------------------------------------------------------------------------------------
Autor			: Alex Vieira Alves
Orientador	: Kleber Kruger
Instituição 	: UFMS - Universidade Federal do Mato Grosso do Sul
Unidade		: CPCX - Campus de Coxim
----------------------------------------------------------------------------------------------------
Arquivo			: plano_trabalhoAlex.tex
Data de criação	:	 04 de julho de 2017
====================================================================================================
\usepackage{cite}

@misc{Britannica Online Academic EditionT,
booktitle = "Britannica Online Academic Edition",
year = "2017",
title = "TeX",
keywords = "Computer Programming Language ; Donald Knuth ; Word Processors",
month = "April",
url = "http://academic.eb.com/levels/collegiate/article/476766",
}


@misc{Britannica Online Academic EditionL,
booktitle = "Britannica Online Academic Edition",
year = "2017",
title = "LaTeX",
keywords = "Computer Programming Language",
month = "April",
url = "http://academic.eb.com/levels/collegiate/article/471616",
}

@inproceedings {Salzberg: 2005: LWF: 1099435.1099490,
 Autor = {Salzberg, Ben e Murphy, Trevor},
 Title = {LaTeX: When Word Fails You},
 Booktitle = {Procedimentos da 33ª Conferência Anual ACM SIGUCCS sobre Serviços para Usuários},
 Série = {SIGUCCS '05},
 Year = {2005},
 Isbn = {1-59593-200-3},
 Localização = {Monterey, CA, EUA},
 Páginas = {241--243},
 Numpages = {3},
 Url = {http://doi.acm.org/10.1145/1099435.1099490},
 Doi = {10.1145 / 1099435.1099490},
 Acmid = {1099490},
 Editor = {ACM},
 Endereço = {New York, NY, EUA},
 Palavras-chave = {LaTeX, TeX, composição, processamento de texto},
} 

@article{AllanPatrickDosSantos2017ADEF,
issn = "1517-3275",
abstract = "<p>Autômatos finitos são máquinas reconhecedoras de palavras ou caracteres. É um modelo computacional de interpretação de linguagens que são definidas por mecanismos de reconhecimento. Sua aplicação se dá no processo de automatização de diversas áreas desde processos industriais a processos mais complexos. Esta literatura é uma introdução à autômatos de estados finitos, foi desenvolvida com base em artigos científicos com o objetivo de esclarecer o conceito de autômatos nas mais diversas áreas. Esta revisão tem como objetivo, introduzir um conhecimento básico a respeito de autômatos de estados finitos, assim, auxiliando estudantes que necessitam o conhecimento do mesmo. O desenvolvimento desta revisão literária conta com o embasamento em 30 artigos científicos. Após o estudo, concluímos que autômatos de estados finitos é um modelo computacional de definição de linguagens que são definidas por mecanismo de reconhecimento.</p>",
journal = "Revista UniVap",
volume = "22",
publisher = "Universidade do Vale do Paraíba",
number = "40",
year = "2017",
title = "AUTÔMATOS DE ESTADOS FINITOS - REVISÃO DE LITERATURA",
language = "por",
author = "Allan Patrick Dos Santos and Caroline Lara de Oliveira and Elcio Hintze and Jeferson Gomes Da Silveira and Rithyele Oliveira Dos Santos and Juliana Facchini de Souza and Ingrid Solange Sepúlveda Muñoz",
keywords = "Autômatos Finitos, Linguagens Formais ; General Works ; Education",
month = "February",
url = "https://doaj.org/article/aa73a2b8e6d34f69958132420bcd7e1b",
}

@book {lamport1994latex,
  Title = {LATEX: um sistema de preparação de documentos: guia do usuário e manual de referência},
  Author = {Lamport, Leslie},
  Year = {1994},
  Editor = {Addison-wesley}
}

@article{jurkiewicz2009grafos,
  title={Grafos--Uma Introdu{\c{c}}{\~a}o},
  author={Jurkiewicz, Samuel},
  journal={Programa de Inicia{\c{c}}{\~a}o Cientifica da},
  year={2009}
}

@book{ziviani2013,
Title= {Projeto de Algoritmos com implementações em java e c++},
Author = {Ziviani, Nivio},
Year={2013},
Editor = {Cengage Learning }
}

@article{lombardy2008vaucanson,
  title={VauCanSon-G A package for drawing automata and graphs},
  author={Lombardy, Sylvain and Sakarovitch, Jacques},
  year={2008}
}

@article{dainteractive,
  title={An Interactive System for Automata Manipulations},
  author={da Silva Alves, Jos{\'e} Daniel}
}

@article {Crowder: 2000: LL: 364412.364435,
 Author = {Crowder, Ben},
 Title = {LaTeX para Linux},
 Revista = {Linux J.},
 Issue_date = {outubro 2000},
 Volume = {2000},
 Number = {78es},
 Mês = oct,
 Year = {2000},
 Issn = {1075-3583},
 Articleno = {23},
 Url = {http://dl.acm.org/citation.cfm?id=364412.364435},
 Acmid = {364435},
 Editor = {Belltown Media},
 Endereço = {Houston, TX},
} 
